@article{boer2005tutorial,
  title = {A Tutorial on the Cross-Entropy Method},
  author = {de Boer, P. T. and Kroese, D. P. and Mannor, S. and Rubinstein, R. Y.},
  journal = {Annals of Operations Research},
  volume = {134},
  number = {1},
  pages = {19--67},
  year = {2005}
}

@article{brockman2016openai,
  title = {Open{AI} {Gym}},
  author = {Brockman, Greg and Cheung, Vicki and Pettersson, Ludwig and Schneider, Jonas and Schulman, John and Tang, Jie and Zaremba, Wojciech},
  journal = {arXiv e-prints},
  pages = {arXiv:1606.01540},
  year = {2016},
  month = {Jun}
}

@misc{chollet2015keras,
  title = {Keras},
  author = {Chollet, Fran\c{c}ois and others},
  year = {2015},
  howpublished = {\url{https://keras.io}},
}

@inproceedings{dong2018pypianoroll,
  title = {Pypianoroll: Open Source {Python} Package for Handling Multitrack Pianoroll},
  author = {Dong, Hao-Wen and Hsiao, Wen-Yi and Yang, Yi-Hsuan},
  booktitle = {Soc. Music Information Retrieval Conf.},
  year = {2018}
}

@inproceedings{felice2002genorchestra,
  title = {GenOrchestra: an Interactive Evolutionary Agent for Musical Composition},
  author = {{De Felice}, F. and Abbattista, F. and Scagliola, F.},
  booktitle = {Generative Art, 2002 International Conference on},
  year = {2002}
}

@inproceedings{jaques2016generating,
  title={Generating Music by Fine-Tuning Recurrent Neural Networks with Reinforcement Learning},
  author={Jaques, Natasha and Gu, Shixiang and Turner, Richard E. and Eck, Douglas},
  year={2016}
}

@article{kotecha2018bach,
  title = {{Bach2Bach}: Generating Music Using a Deep Reinforcement Learning Approach},
  author = {{Kotecha}, Nikhil},
  journal = {arXiv e-prints},
  pages = {arXiv:1812.01060},
  year = {2018},
  month = {Dec},
}

@book{oliphant2006guide, 
  title = {A guide to {NumPy}}, 
  author = {Oliphant, Travis E}, 
  volume = {1}, 
  year = {2006}, 
  publisher = {Trelgol Publishing USA} 
}

@misc{payne2019musenet,
  title = {MuseNet},
  author = {Payne, Christine},
  organization = {OpenAI},
  year = {2019},
  month = {Apr},
  howpublished = {\url{openai.com/blog/musenet}}
}

@inproceedings{raffel2014intuitive,
  title = {Intuitive Analysis, Creation and Manipulation of {MIDI} Data with pretty\_midi},
  author = {Raffel, Colin and Ellis, Daniel P. W.},
  booktitle = {Music Information Retrieval Late Breaking and Demo Papers, 15th International Conference on},
  year = {2014}
}
